
@misc{UCS_XDL_UseCaseSenarios,
title = {XDL Use Case Senarios},
url = {http://www.cs.indiana.edu/hmg/le/project-home/xilinx/ise_5.2/help/data/xdl/xdl-ucs-ext.html}
}

@misc{GNU_makeToolchain,
title = {GNU - make},
url = {http://www.gnu.org/software/make/manual/make.html}
}

@misc{BUGXDL,
title = {BUG Xilinx XDL Programm},
url = {http://forums.xilinx.com/t5/Spartan-Family-FPGAs/A-bug-for-Spartan-6/td-p/271026}
}

@misc{XDL_Xilinx_Design_Language,
title = {Xilinx Design Language},
url = {http://www.cs.indiana.edu/hmg/le/project-home/xilinx/ise_5.2/help/data/xdl/xdl.html}
}

@misc{ELF_executable_and_linkable-Format,
title = {Executable and linkable Format},
url = {http://www.linux-kernel.de/appendix/ap05.pdf}
}
