%% This is file `DEMO-TUDaBibliography.bib' version 2.09 (2020/03/13),
%% it is part of
%% TUDa-CI -- Corporate Design for TU Darmstadt
%% ----------------------------------------------------------------------------
%%
%%  Copyright (C) 2018--2020 by Marei Peischl <marei@peitex.de>
%%
%% ============================================================================
%% This work may be distributed and/or modified under the
%% conditions of the LaTeX Project Public License, either version 1.3c
%% of this license or (at your option) any later version.
%% The latest version of this license is in
%% http://www.latex-project.org/lppl.txt
%% and version 1.3c or later is part of all distributions of LaTeX
%% version 2008/05/04 or later.
%%
%% This work has the LPPL maintenance status `maintained'.
%%
%% The Current Maintainers of this work are
%%   Marei Peischl <tuda-ci@peitex.de>
%%   Markus Lazanowski <latex@ce.tu-darmstadt.de>
%%
%% The development respository can be found at
%% https://github.com/tudace/tuda_latex_templates
%% Please use the issue tracker for feedback!
%%
%% ============================================================================
%%
% !TeX program = lualatex
%%

%Beispiel BibTeX-Datenbank für die Verwendung von biblatex und biber

@online{imrad,
	title = {IMRAD},
	url = {https://en.wikipedia.org/wiki/IMRAD},
	organization = {Wikipedia},
	urldate = {2018-12-20},
}

@online{scrguide,
	title={KOMA-Script},
	subtitle={Die Anleitung},
	author={Kohm, Markus},
	date={2019-01-14},
	url={http://mirrors.ctan.org/macros/latex/contrib/koma-script/doc/scrguide.pdf},
	urldate={2019-02-05}
	}

@online{leaflet,
	title={The document class leaflet},
	author={Niepraschk, Rolf and Schmidt, Walter and Gäßlein, Hubert},
	date={2015-12-27},
	urldate={2020-02-12},
	url={http://mirrors.ctan.org/macros/latex/contrib/leaflet/leaflet-manual.pdf}
}